<record><leader>00000cas a22000007a 4500</leader><controlfield tag="001">31029611</controlfield><controlfield tag="008">940830d189u1913okuwr ne      0    0eng d</controlfield><datafield ind1=" " ind2=" " tag="010"><subfield code="a">sn 94058970 </subfield></datafield><datafield ind1=" " ind2=" " tag="040"><subfield code="a">OBN</subfield><subfield code="b">eng</subfield><subfield code="c">OBN</subfield><subfield code="d">OCL</subfield><subfield code="d">OCLCQ</subfield><subfield code="d">OCLCO</subfield></datafield><datafield ind1="1" ind2=" " tag="029"><subfield code="a">AU@</subfield><subfield code="b">000011276914</subfield></datafield><datafield ind1=" " ind2=" " tag="042"><subfield code="a">msc</subfield></datafield><datafield ind1=" " ind2=" " tag="043"><subfield code="a">n-us-ok</subfield></datafield><datafield ind1="0" ind2="4" tag="245"><subfield code="a">The Medford star.</subfield></datafield><datafield ind1="3" ind2="0" tag="246"><subfield code="a">Medford star and tri-county index</subfield></datafield><datafield ind1="3" ind2="0" tag="246"><subfield code="a">Gibbon flyer</subfield></datafield><datafield ind1=" " ind2=" " tag="260"><subfield code="a">Medford, Grant County, Okla. :</subfield><subfield code="b">F. Bowser</subfield></datafield><datafield ind1=" " ind2=" " tag="300"><subfield code="a">v.</subfield></datafield><datafield ind1=" " ind2=" " tag="310"><subfield code="a">Weekly</subfield></datafield><datafield ind1="0" ind2=" " tag="362"><subfield code="a">-v. 20, no. 15 (Aug. 28, 1913).</subfield></datafield><datafield ind1=" " ind2=" " tag="500"><subfield code="a">Includes: Gibbon flyer, Vol. 1, no. 1 (Jan. 4, 1912)--v. 2, no. 35 (Aug. 28, 1913).</subfield></datafield><datafield ind1=" " ind2=" " tag="580"><subfield code="a">Daily edition: Daily star &lt;1900-?&gt;</subfield></datafield><datafield ind1=" " ind2=" " tag="588"><subfield code="a">Description based on: Vol. 11, no. 3 (June 30, 1904).</subfield></datafield><datafield ind1=" " ind2="0" tag="651"><subfield code="a">Medford (Okla.)</subfield><subfield code="v">Newspapers.</subfield></datafield><datafield ind1=" " ind2="0" tag="651"><subfield code="a">Gibbon (Okla.)</subfield><subfield code="v">Newspapers.</subfield></datafield><datafield ind1=" " ind2="0" tag="651"><subfield code="a">Grant County (Okla.)</subfield><subfield code="v">Newspapers.</subfield></datafield><datafield ind1=" " ind2=" " tag="752"><subfield code="a">United States</subfield><subfield code="b">Oklahoma</subfield><subfield code="c">Grant</subfield><subfield code="d">Medford.</subfield></datafield><datafield ind1=" " ind2=" " tag="752"><subfield code="a">United States</subfield><subfield code="b">Oklahoma</subfield><subfield code="c">Grant</subfield><subfield code="d">Gibbon.</subfield></datafield><datafield ind1="1" ind2=" " tag="775"><subfield code="a">Daily star</subfield></datafield><datafield ind1="0" ind2="5" tag="780"><subfield code="t">Tri-county index</subfield><subfield code="w">(DLC)sn 94058951</subfield><subfield code="w">(OCoLC)31019039</subfield></datafield><datafield ind1="0" ind2="7" tag="785"><subfield code="t">Medford patriot (Medford, Okla. : 1901)</subfield><subfield code="w">(DLC)sn 94058969</subfield><subfield code="w">(OCoLC)31029277</subfield></datafield><datafield ind1="0" ind2="7" tag="785"><subfield code="t">Medford patriot and the Medford star</subfield><subfield code="w">(DLC)sn 94058971</subfield><subfield code="w">(OCoLC)31030023</subfield></datafield></record>